

@article{Aad:2015mbv,
    author = "Aad, Georges and others",
    collaboration = "ATLAS",
    title = "{Measurements of top-quark pair differential cross-sections in the lepton+jets channel in $pp$ collisions at $\sqrt{s}=8$ TeV using the ATLAS detector}",
    eprint = "1511.04716",
    archivePrefix = "arXiv",
    primaryClass = "hep-ex",
    reportNumber = "CERN-PH-EP-2015-239",
    doi = "10.1140/epjc/s10052-016-4366-4",
    journal = "Eur. Phys. J. C",
    volume = "76",
    number = "10",
    pages = "538",
    year = "2016"
}

@article{Carrazza:2019sec,
    author = "Carrazza, Stefano and Degrande, Celine and Iranipour, Shayan and Rojo, Juan and Ubiali, Maria",
    title = "{Can New Physics hide inside the proton?}",
    eprint = "1905.05215",
    archivePrefix = "arXiv",
    primaryClass = "hep-ph",
    reportNumber = "Nikhef 2019-009, DAMTP-2019-19, CP3-19-25, TIF-UNIMI-2019-5",
    doi = "10.1103/PhysRevLett.123.132001",
    journal = "Phys. Rev. Lett.",
    volume = "123",
    number = "13",
    pages = "132001",
    year = "2019"
}

@article{Degrande:2012wf,
	Archiveprefix = {arXiv},
	Author = {Degrande, Celine and Greiner, Nicolas and Kilian, Wolfgang and Mattelaer, Olivier and Mebane, Harrison and Stelzer, Tim and Willenbrock, Scott and Zhang, Cen},
	Doi = {10.1016/j.aop.2013.04.016},
	Eprint = {1205.4231},
	Journal = {Annals Phys.},
	Pages = {21-32},
	Primaryclass = {hep-ph},
	Reportnumber = {MPP-2011-149, SI-HEP-2011-17, CP3-12-25},
	Slaccitation = {%%CITATION = ARXIV:1205.4231;%%},
	Title = {{Effective Field Theory: A Modern Approach to Anomalous Couplings}},
	Volume = {335},
	Year = {2013},
	Bdsk-Url-1 = {http://dx.doi.org/10.1016/j.aop.2013.04.016}}

@article{Grzadkowski:2010es,
      author         = "Grzadkowski, B. and Iskrzynski, M. and Misiak, M. and
                        Rosiek, J.",
      title          = "{Dimension-Six Terms in the Standard Model Lagrangian}",
      journal        = "JHEP",
      volume         = "10",
      year           = "2010",
      pages          = "085",
      doi            = "10.1007/JHEP10(2010)085",
      eprint         = "1008.4884",
      archivePrefix  = "arXiv",
      primaryClass   = "hep-ph",
      reportNumber   = "IFT-9-2010, TTP10-35",
      SLACcitation   = "%%CITATION = ARXIV:1008.4884;%%"
}


@article{Alonso:2013hga,
      author         = "Alonso, Rodrigo and Jenkins, Elizabeth E. and Manohar,
                        Aneesh V. and Trott, Michael",
      title          = "{Renormalization Group Evolution of the Standard Model
                        Dimension Six Operators III: Gauge Coupling Dependence and
                        Phenomenology}",
      journal        = "JHEP",
      volume         = "04",
      year           = "2014",
      pages          = "159",
      doi            = "10.1007/JHEP04(2014)159",
      eprint         = "1312.2014",
      archivePrefix  = "arXiv",
      primaryClass   = "hep-ph",
      reportNumber   = "CERN-PH-TH-2013-305",
      SLACcitation   = "%%CITATION = ARXIV:1312.2014;%%"
}

@article{Weinberg:1978kz,
	Author = {Weinberg, Steven},
	File = {:Weinberg1978kz.pdf:PDF},
	Journal = {Physica},
	Pages = {327},
	Slaccitation = {%%CITATION = PHYSA,A96,327;%%},
	Title = {{Phenomenological Lagrangians}},
	Url = {http://www.slac.stanford.edu/spires/find/hep/www?j=PHYSA,A96,327},
	Volume = {A96},
	Year = {1979},
	Bdsk-Url-1 = {http://www.slac.stanford.edu/spires/find/hep/www?j=PHYSA,A96,327}}

@article{Weinberg:1979sa,
      author         = "Weinberg, Steven",
      title          = "{Baryon and Lepton Nonconserving Processes}",
      journal        = "Phys. Rev. Lett.",
      volume         = "43",
      year           = "1979",
      pages          = "1566-1570",
      doi            = "10.1103/PhysRevLett.43.1566",
      reportNumber   = "HUTP-79-A050",
      SLACcitation   = "%%CITATION = PRLTA,43,1566;%%"
}

@article{Buchmuller:1985jz,
      author         = "Buchmuller, W. and Wyler, D.",
      title          = "{Effective Lagrangian Analysis of New Interactions and
                        Flavor Conservation}",
      journal        = "Nucl. Phys.",
      volume         = "B268",
      year           = "1986",
      pages          = "621-653",
      doi            = "10.1016/0550-3213(86)90262-2",
      reportNumber   = "CERN-TH-4254/85",
      SLACcitation   = "%%CITATION = NUPHA,B268,621;%%"
}


@article{Ethier_2021,
   title={SMEFT analysis of vector boson scattering and diboson data from the LHC Run II},
   volume={81},
   ISSN={1434-6052},
   url={http://dx.doi.org/10.1140/epjc/s10052-021-09347-7},
   DOI={10.1140/epjc/s10052-021-09347-7},
   number={6},
   journal={The European Physical Journal C},
   publisher={Springer Science and Business Media LLC},
   author={Ethier, Jacob J. and Gomez-Ambrosio, Raquel and Magni, Giacomo and Rojo, Juan},
   year={2021},
   month={Jun}
}


@article{Greljo:2021kvv,
    author = "Greljo, Admir and Iranipour, Shayan and Kassabov, Zahari and Madigan, Maeve and Moore, James and Rojo, Juan and Ubiali, Maria and Voisey, Cameron",
    title = "{Parton distributions in the SMEFT from high-energy Drell-Yan tails}",
    eprint = "2104.02723",
    archivePrefix = "arXiv",
    primaryClass = "hep-ph",
    reportNumber = "Cavendish-HEP-21/06, Nikhef-2020-040",
    journal = "",
    month = "4",
    year = "2021"
}


@article{Ellis:2020unq,
    author = "Ellis, John and Madigan, Maeve and Mimasu, Ken and Sanz, Veronica and You, Tevong",
    title = "{Top, Higgs, Diboson and Electroweak Fit to the Standard Model Effective Field Theory}",
    eprint = "2012.02779",
    archivePrefix = "arXiv",
    primaryClass = "hep-ph",
    reportNumber = "KCL-PH-TH/2020-73, CERN-TH-2020-202",
    month = "12",
    journal = "",
    year = "2020"

}


@article{Bissmann:2020mfi,
    author = {Bi\ss{}mann, Stefan and Grunwald, Cornelius and Hiller, Gudrun and Kr\"oninger, Kevin},
    title = "{Top and Beauty synergies in SMEFT-fits at present and future colliders}",
    eprint = "2012.10456",
    archivePrefix = "arXiv",
    primaryClass = "hep-ph",
    reportNumber = "DO-TH 20/14",
    month = "12",
    journal = "",
    year = "2020"
}




@article{Bruggisser:2021duo,
    author = {Bruggisser, Sebastian and Sch\"afer, Ruth and van Dyk, Danny and Westhoff, Susanne},
    title = "{The Flavor of UV Physics}",
    eprint = "2101.07273",
    archivePrefix = "arXiv",
    primaryClass = "hep-ph",
    month = "1",
    journal = "",
    year = "2021"
}


@article{Almeida:2018cld,
    author = "da Silva Almeida, Eduardo and Alves, Alexandre and Rosa Agostinho, N. and \'Eboli, Oscar J.P. and Gonzalez-Garcia, M.C.",
    title = "{Electroweak Sector Under Scrutiny: A Combined Analysis of LHC and Electroweak Precision Data}",
    eprint = "1812.01009",
    archivePrefix = "arXiv",
    primaryClass = "hep-ph",
    reportNumber = "YITP-SB-18-39",
    doi = "10.1103/PhysRevD.99.033001",
    journal = "Phys. Rev. D",
    volume = "99",
    number = "3",
    pages = "033001",
    year = "2019"
}


@article{Feroz:2007kg,
    author = "Feroz, Farhan and Hobson, M.P.",
    title = "{Multimodal nested sampling: an efficient and robust alternative to MCMC methods for astronomical data analysis}",
    eprint = "0704.3704",
    archivePrefix = "arXiv",
    primaryClass = "astro-ph",
    doi = "10.1111/j.1365-2966.2007.12353.x",
    journal = "Mon. Not. Roy. Astron. Soc.",
    volume = "384",
    pages = "449",
    year = "2008"
}

@article{Feroz:2013hea,
      author         = "Feroz, F. and Hobson, M. P. and Cameron, E. and Pettitt,
                        A. N.",
      title          = "{Importance Nested Sampling and the MultiNest Algorithm}",
      doi            = "10.21105/astro.1306.2144",
      year           = "2013",
      eprint         = "1306.2144",
      archivePrefix  = "arXiv",
      primaryClass   = "astro-ph.IM",
      journal = "",
      SLACcitation   = "%%CITATION = ARXIV:1306.2144;%%"
}

@article{Brivio:2017vri,
      author         = "Brivio, Ilaria and Trott, Michael",
      title          = "{The Standard Model as an Effective Field Theory}",
      journal        = "Phys. Rept.",
      volume         = "793",
      year           = "2019",
      pages          = "1-98",
      doi            = "10.1016/j.physrep.2018.11.002",
      eprint         = "1706.08945",
      archivePrefix  = "arXiv",
      primaryClass   = "hep-ph",
      SLACcitation   = "%%CITATION = ARXIV:1706.08945;%%"
}



%%% contains utf-8, see: https://inspirehep.net/info/faq/general#utf8
%%% add \usepackage[utf8]{inputenc} to your latex preamble

@article{Falkowski:2015wza,
      author         = "Falkowski, Adam and Fuks, Benjamin and Mawatari, Kentarou
                        and Mimasu, Ken and Riva, Francesco and Sanz, Ver√≥nica",
      title          = "{Rosetta: an operator basis translator for Standard Model
                        effective field theory}",
      journal        = "Eur. Phys. J.",
      volume         = "C75",
      year           = "2015",
      number         = "12",
      pages          = "583",
      doi            = "10.1140/epjc/s10052-015-3806-x",
      eprint         = "1508.05895",
      archivePrefix  = "arXiv",
      primaryClass   = "hep-ph",
      reportNumber   = "MCNET-15-25",
      SLACcitation   = "%%CITATION = ARXIV:1508.05895;%%"
}




@article{Buckley:2015lku,
      author         = "Buckley, Andy and Englert, Christoph and Ferrando, James
                        and Miller, David J. and Moore, Liam and Russell, Michael
                        and White, Chris D.",
      title          = "{Constraining top quark effective theory in the LHC Run
                        II era}",
      journal        = "JHEP",
      volume         = "04",
      year           = "2016",
      pages          = "015",
      doi            = "10.1007/JHEP04(2016)015",
      eprint         = "1512.03360",
      archivePrefix  = "arXiv",
      primaryClass   = "hep-ph",
      SLACcitation   = "%%CITATION = ARXIV:1512.03360;%%"
}

%%% contains utf-8, see: https://inspirehep.net/info/faq/general#utf8
%%% add \usepackage[utf8]{inputenc} to your latex preamble

@article{Butter:2016cvz,
      author         = "Butter, Anja and √âboli, Oscar J. P. and Gonzalez-Fraile,
                        J. and Gonzalez-Garcia, M. C. and Plehn, Tilman and Rauch,
                        Michael",
      title          = "{The Gauge-Higgs Legacy of the LHC Run I}",
      journal        = "JHEP",
      volume         = "07",
      year           = "2016",
      pages          = "152",
      doi            = "10.1007/JHEP07(2016)152",
      eprint         = "1604.03105",
      archivePrefix  = "arXiv",
      primaryClass   = "hep-ph",
      reportNumber   = "YITP-SB-16-10",
      SLACcitation   = "%%CITATION = ARXIV:1604.03105;%%"
}

@article{Degrande:2020evl,
    author = "Degrande, C\'eline and Durieux, Gauthier and Maltoni, Fabio and Mimasu, Ken and Vryonidou, Eleni and Zhang, Cen",
    title = "{Automated one-loop computations in the SMEFT}",
    eprint = "2008.11743",
    archivePrefix = "arXiv",
    primaryClass = "hep-ph",
    reportNumber = "CERN-TH-2020-140, CP3-20-42",
    month = "8",
    journal = "",
    year = "2020"
}

@article{AguilarSaavedra:2018nen,
      author         = "Barducci, D. and others",
      editor         = "Aguilar-Saavedra, Juan Antonio and Degrande, C. and
                        Durieux, G. and Maltoni, F. and Vryonidou, E. and Zhang,
                        C.",
      title          = "{Interpreting top-quark LHC measurements in the
                        standard-model effective field theory}",
      year           = "2018",
      eprint         = "1802.07237",
      archivePrefix  = "arXiv",
      primaryClass   = "hep-ph",
      reportNumber   = "CERN-LPCC-2018-01",
      journal = "",
      SLACcitation   = "%%CITATION = ARXIV:1802.07237;%%"
}


@article{Brivio:2017btx,
      author         = "Brivio, Ilaria and Jiang, Yun and Trott, Michael",
      title          = "{The SMEFTsim package, theory and tools}",
      journal        = "JHEP",
      volume         = "12",
      year           = "2017",
      pages          = "070",
      doi            = "10.1007/JHEP12(2017)070",
      eprint         = "1709.06492",
      archivePrefix  = "arXiv",
      primaryClass   = "hep-ph",
      SLACcitation   = "%%CITATION = ARXIV:1709.06492;%%"
}

@article{vanBeek:2019evb,
    author = "van Beek, Samuel and Nocera, Emanuele R. and Rojo, Juan and Slade, Emma",
    title = "{Constraining the SMEFT with Bayesian reweighting}",
    eprint = "1906.05296",
    archivePrefix = "arXiv",
    primaryClass = "hep-ph",
    reportNumber = "Nikhef-2019-019, OUTP-19-06P",
    doi = "10.21468/SciPostPhys.7.5.070",
    journal = "SciPost Phys.",
    volume = "7",
    number = "5",
    pages = "070",
    year = "2019"
}

@article{Hartland:2019bjb,
    author = "Hartland, Nathan P. and Maltoni, Fabio and Nocera, Emanuele R. and Rojo, Juan and Slade, Emma and Vryonidou, Eleni and Zhang, Cen",
    title = "{A Monte Carlo global analysis of the Standard Model Effective Field Theory: the top quark sector}",
    eprint = "1901.05965",
    archivePrefix = "arXiv",
    primaryClass = "hep-ph",
    reportNumber = "OUTP-18-07P, Nikhef-2018-058, CP3-19-02, CERN-TH-2018-274",
    doi = "10.1007/JHEP04(2019)100",
    journal = "JHEP",
    volume = "04",
    pages = "100",
    year = "2019"
}

@article{Ball:2009qv,
	Archiveprefix = {arXiv},
	Author = {Ball, Richard D. and others},
	Collaboration = {The NNPDF},
	Doi = {10.1007/JHEP05(2010)075},
	Eprint = {0912.2276},
	Journal = {JHEP},
	Pages = {075},
	Primaryclass = {hep-ph},
	Slaccitation = {%%CITATION = 0912.2276;%%},
	Title = {{Fitting Parton Distribution Data with Multiplicative Normalization Uncertainties}},
	Volume = {05},
	Year = {2010},
	Bdsk-Url-1 = {http://dx.doi.org/10.1007/JHEP05(2010)075}}

@misc{thennpdfcollaboration2019parton,
      title={Parton Distributions with Theory Uncertainties: General Formalism and First Phenomenological Studies},
      author={The NNPDF Collaboration and Rabah Abdul Khalek and Richard D. Ball and Stefano Carrazza and Stefano Forte and Tommaso Giani and Zahari Kassabov and Rosalyn L. Pearson and Emanuele R. Nocera and Juan Rojo and Luca Rottoli and Maria Ubiali and Cameron Voisey and Michael Wilson},
      year={2019},
      eprint={1906.10698},
      archivePrefix={arXiv},
      primaryClass={hep-ph}
}

@misc{ethier2021combined,
      title={Combined SMEFT interpretation of Higgs, diboson, and top quark data from the LHC},
      author={Jacob J. Ethier and Giacomo Magni and Fabio Maltoni and Luca Mantani and Emanuele R. Nocera and Juan Rojo and Emma Slade and Eleni Vryonidou and Cen Zhang},
      year={2021},
      eprint={2105.00006},
      archivePrefix={arXiv},
      primaryClass={hep-ph}
}
